<?xml version="1.0" encoding="UTF-8"?><collection xmlns="http://www.loc.gov/MARC21/slim"><record><leader>00519nam--2200181-u-4500</leader><controlfield tag="001">000051288</controlfield><controlfield tag="002">20161230</controlfield><controlfield tag="005">20161230201049</controlfield><controlfield tag="008">080613s1000------------r-----000-0-eng-d</controlfield><datafield ind1=" " ind2=" " tag="040"><subfield code="a">IFIN-HH</subfield></datafield><datafield ind1=" " ind2=" " tag="080"><subfield code="a">515.142</subfield></datafield><datafield ind1="1" ind2=" " tag="100"><subfield code="a">Haberland, K</subfield></datafield><datafield ind1="1" ind2="0" tag="245"><subfield code="a">Galois Cohomology of Algebric Numer Fields with two Appendices by H. Koch and Th. Zink</subfield></datafield><datafield ind1=" " ind2=" " tag="260"><subfield code="a">Berlin</subfield><subfield code="b">VEB Deutscher Verlag der Wissenschaften</subfield><subfield code="c">1978</subfield></datafield><datafield ind1=" " ind2=" " tag="300"><subfield code="a">145 p</subfield></datafield><datafield ind1="1" ind2=" " tag="700"><subfield code="a">K. Haberland</subfield></datafield><datafield ind1=" " ind2=" " tag="852"><subfield code="a">47218</subfield><subfield code="c">515/516</subfield></datafield><datafield ind1=" " ind2=" " tag="CAT"><subfield code="a">Sys</subfield><subfield code="c">20080613</subfield><subfield code="h">101827</subfield></datafield></record></collection>